<record><leader>00000cas a22000007a 4500</leader><controlfield tag="001">32828649</controlfield><controlfield tag="008">950717d19831985caudn ne      0    0eng d</controlfield><datafield ind1=" " ind2=" " tag="010"><subfield code="a">sn 95061773 </subfield></datafield><datafield ind1=" " ind2=" " tag="040"><subfield code="a">CNK</subfield><subfield code="b">eng</subfield><subfield code="c">CNK</subfield><subfield code="d">OCLCQ</subfield><subfield code="d">OCLCF</subfield><subfield code="d">OCLCO</subfield></datafield><datafield ind1="1" ind2=" " tag="029"><subfield code="a">AU@</subfield><subfield code="b">000025864665</subfield></datafield><datafield ind1=" " ind2=" " tag="042"><subfield code="a">msc</subfield></datafield><datafield ind1=" " ind2=" " tag="043"><subfield code="a">n-us-ca</subfield></datafield><datafield ind1="0" ind2=" " tag="130"><subfield code="a">Telegram-tribune (San Luis Obispo, Calif. : 1983)</subfield></datafield><datafield ind1="1" ind2="0" tag="245"><subfield code="a">Telegram-tribune.</subfield></datafield><datafield ind1="1" ind2="3" tag="246"><subfield code="a">San Luis Obispo County telegram-tribune</subfield></datafield><datafield ind1=" " ind2=" " tag="260"><subfield code="a">San Luis Obispo, CA. :</subfield><subfield code="b">Telegram-Tribune Co.</subfield></datafield><datafield ind1=" " ind2=" " tag="300"><subfield code="a">v.</subfield></datafield><datafield ind1=" " ind2=" " tag="310"><subfield code="a">Daily (except Sun.)</subfield></datafield><datafield ind1="0" ind2=" " tag="362"><subfield code="a">114th year, no. 170 (Feb. 21, 1983)-116th year, no. 135 (Jan 12/13, 1985).</subfield></datafield><datafield ind1=" " ind2="0" tag="651"><subfield code="a">San Luis Obispo (Calif.)</subfield><subfield code="v">Newspapers.</subfield></datafield><datafield ind1=" " ind2="7" tag="655"><subfield code="a">Newspapers.</subfield><subfield code="2">fast</subfield><subfield code="0">(OCoLC)fst01423814</subfield></datafield><datafield ind1=" " ind2="7" tag="651"><subfield code="a">California</subfield><subfield code="z">San Luis Obispo.</subfield><subfield code="2">fast</subfield><subfield code="0">(OCoLC)fst01202846</subfield></datafield><datafield ind1=" " ind2=" " tag="752"><subfield code="a">United States</subfield><subfield code="b">California</subfield><subfield code="c">San Luis Obispo</subfield><subfield code="d">San Luis Obispo.</subfield></datafield><datafield ind1="0" ind2="0" tag="780"><subfield code="t">San Luis Obispo County telegram-tribune (San Luis Obispo, Calif. : 1950)</subfield><subfield code="w">(DLC)sn 95061772</subfield></datafield><datafield ind1="0" ind2="0" tag="785"><subfield code="t">County telegram-tribune</subfield><subfield code="w">(DLC)sn 95061848</subfield></datafield></record>